  @misc{multivariate-gaussian,
    author = "{Wikipedia contributors}",
    title = "Multivariate normal distribution --- {Wikipedia}{,} The Free Encyclopedia",
    year = "2023",
    howpublished = "\url{https://en.wikipedia.org/w/index.php?title=Multivariate_normal_distribution&oldid=1181057684}",
    note = "[Online; accessed 2-November-2023]"
  }

@misc{fwhm,
    author = "{Wikipedia contributors}",
    title = "Full width at half maximum --- {Wikipedia}{,} The Free Encyclopedia",
    year = "2023",
    howpublished = "\url{https://en.wikipedia.org/w/index.php?title=Full_width_at_half_maximum&oldid=1136291118}",
    note = "[Online; accessed 2-November-2023]"
  }